<?xml version="1.0" encoding="UTF-8"?><collection xmlns="http://www.loc.gov/MARC21/slim"><record><leader>00524nam--2200193-u-4500</leader><controlfield tag="001">000052927</controlfield><controlfield tag="002">20161230</controlfield><controlfield tag="005">20170306232554</controlfield><controlfield tag="008">101129s1000------------r-----000-0-rus-d</controlfield><datafield ind1=" " ind2=" " tag="040"><subfield code="a">IFIN-HH</subfield></datafield><datafield ind1=" " ind2=" " tag="041"><subfield code="a">rus</subfield></datafield><datafield ind1=" " ind2=" " tag="080"><subfield code="a">537.8:535.2</subfield></datafield><datafield ind1="1" ind2=" " tag="100"><subfield code="a">Evseev, I. V</subfield></datafield><datafield ind1="1" ind2="0" tag="245"><subfield code="a">Depoliarizuyusie stolknoveniia v nelineinoi elektrodinamike</subfield><subfield code="c">I.V. Evssev; V.M. Ermacenko; V.V. Samartev</subfield></datafield><datafield ind1=" " ind2=" " tag="260"><subfield code="a">Moskva</subfield><subfield code="b">Nauka</subfield><subfield code="c">1992</subfield></datafield><datafield ind1=" " ind2=" " tag="300"><subfield code="a">246 p</subfield></datafield><datafield ind1="1" ind2=" " tag="700"><subfield code="a">Samartev, V. V</subfield></datafield><datafield ind1=" " ind2=" " tag="852"><subfield code="a">80423</subfield><subfield code="c">535</subfield></datafield><datafield ind1=" " ind2=" " tag="CAT"><subfield code="a">SYS</subfield><subfield code="c">20170306</subfield><subfield code="h">232554</subfield></datafield></record></collection>